@article{leach2001hundred,
  title={A hundred possibilities: creativity, community and ICT},
  author={Leach, Jenny},
  journal={Creativity in education},
  pages={175--194},
  year={2001},
  publisher={Continuum London}
}

@article{brown2015introduction,
  title={Introduction to algorithmic thinking},
  author={Brown, Wayne},
  year={2015}
}

@inproceedings{spool1998web,
  title={Web sites that work: Designing with your eyes open},
  author={Spool, Jared M and Schroeder, Will and Scanlon, Tara and Snyder, Carolyn},
  booktitle={CHI 98 conference summary on Human factors in computing systems},
  pages={147--148},
  year={1998}
}

@book{spool1999web,
  title={Web site usability: A designer's guide},
  author={Spool, Jared M},
  year={1999},
  publisher={Morgan Kaufmann}
}